% !TEX encoding = UTF-8 Unicode
@online{framebuffer,
    author = "{Wikipedia contributors}",
    title = "Framebuffer --- {W}ikipedia{,} The Free Encyclopedia",
    url = "{https://en.wikipedia.org/wiki/Framebuffer}",
    addendum = "Dostopano: 5. 7. 2024",
    keywords = "framebuffer",
    note = "Opomba: glej poglavje Display modes"
}

@online{drm,
    author = "{Wikipedia contributors}",
    title = "Direct Rendering Manager --- {W}ikipedia{,} The Free Encyclopedia",
    url = "{https://en.wikipedia.org/wiki/Direct_Rendering_Manager}",
    addendum = "Dostopano: 5. 7. 2024",
    keywords = "framebuffer"
}

@online{textmode,
    author = "{Wikipedia contributors}",
    title = "Text Mode --- {W}ikipedia{,} The Free Encyclopedia",
    url = "{https://en.wikipedia.org/wiki/Text_mode}",
    addendum = "Dostopano: 5. 7. 2024",
    keywords = ""
}

@online{mesadocs,
    author = "Mesa",
    title = "Introduction — The Mesa 3D Graphics Library latest documentation",
    url = "{https://docs.mesa3d.org/index.html}",
    addendum = "Dostopano: 5. 7. 2024",
    keywords = ""
}

@online{libdrm,
    author = "Mesa",
    title = "Mesa / drm · GitLab",
    url = "{https://gitlab.freedesktop.org/mesa/drm}",
    addendum = "Dostopano: 5. 7. 2024",
    keywords = ""
}

@online{overdrive,
    author = "tldp.org",
    title = "Overdriving Your Monitor",
    url = "{https://tldp.org/HOWTO/XFree86-Video-Timings-HOWTO/overd.html}",
    addendum = "Dostopano: 13. 7. 2024",
    keywords = "overdrive"
}

@online{openglfaq,
    author = "Khronos Group",
    title = "FAQ -- OpenGL Wiki",
    url = "{https://www.khronos.org/opengl/wiki/FAQ}",
    addendum = "Dostopano: 5. 7. 2024",
    keywords = ""
}

@online{stackoverflowMesaDifferent,
	author = "StackOverflow and user782220",
	title = "How is Mesa different from OpenGL drivers",
	url = "{https://stackoverflow.com/questions/12383178/how-is-mesa-different-from-opengl-drivers}",
    addendum = "Dostopano: 5. 7. 2024",
    keywords = ""
}

@online{baeldunggui,
	author = "Baeldung",
	title = "GUI Under Linux",
	url = "{https://www.baeldung.com/linux/gui}",
    addendum = "Dostopano: 5. 7. 2024",
    keywords = "",
    note = "Opomba: večina poročila je narejena po vzorcu tega vira oz. gre za prevod vira. Nekateri deli so dopolnjeni."
}

@online{xorgdocs,
	author = "X.org Foundation",
	title = "Documentation",
	url = "{https://www.x.org/wiki/Documentation/}",
    addendum = "Dostopano: 5. 7. 2024",
    keywords = ""
}

@online{xcb,
	author = "freedesktop.org",
	title = "tutorial",
	url = "{https://xcb.freedesktop.org/tutorial/}",
    addendum = "Dostopano: 5. 7. 2024",
    keywords = ""
}

@online{cornell,
	author = "Cornell Virtual Workshop",
	title = "Design: GPU vs. CPU",
	url = "{https://cvw.cac.cornell.edu/gpu-architecture/gpu-characteristics/design}",
    addendum = "Dostopano: 5. 7. 2024",
    keywords = ""
}

@online{sdram,
	author = "{Wikipedia contributors}",
	title = "Synchronous dynamic random-access memory --- {W}ikipedia{,} The Free Encyclopedia",
	url = "{https://en.wikipedia.org/wiki/Synchronous_dynamic_random-access_memory}",
    addendum = "Dostopano: 5. 7. 2024",
    keywords = ""
}

@online{displaywithframebuffer,
	author = "StackOverflow and user3549833",
	title = "How to display something on screen through linux framebuffer?",
	url = "{https://stackoverflow.com/questions/32082248/how-to-display-something-on-screen-through-linux-framebuffer}",
    addendum = "Dostopano: 5. 7. 2024",
    keywords = ""
}

@online{forbiddenprojects,
	author = "Forbidden Projects",
	title = "How DRI and DRM Work",
	url = "{https://www.bitwiz.org.uk/s/how-dri-and-drm-work.html}",
    addendum = "Dostopano: 5. 7. 2024",
    keywords = ""
}

@online{ffmpeg,
	author = "FFmpeg",
	title = "FFmpeg Devices Documentation",
	url = "{https://ffmpeg.org/ffmpeg-devices.html#fbdev}",
    addendum = "Dostopano: 5. 7. 2024",
    keywords = "",
    note = "Opomba: glej poglavje 3.7 fbdev"
}

@online{fbdevdocs,
	author = "Linux Kernel",
	title = "The Frame Buffer Device",
	url = "{https://www.kernel.org/doc/Documentation/fb/framebuffer.txt}",
    addendum = "Dostopano: 5. 7. 2024",
    keywords = ""
}

@online{fbdevapi,
	author = "Linux Kernel",
	title = "The Frame Buffer Device API",
	url = "{https://www.kernel.org/doc/html/latest/fb/api.html}",
    addendum = "Dostopano: 5. 7. 2024",
    keywords = ""
}

@online{ioctldef,
	author = "Linux Kernel",
	title = "ioctl based interfaces — The Linux Kernel documentation",
	url = "{https://docs.kernel.org/driver-api/ioctl.html}",
    addendum = "Dostopano: 13. 7. 2024",
    keywords = ""
}

@online{osdev,
	author = "OSDev.org",
	title = "Graphics stack",
	url = "{https://wiki.osdev.org/Graphics_stack}",
    addendum = "Dostopano: 5. 7. 2024",
    keywords = ""
}

@online{kmscube,
	author = "Mesa",
	title = "Mesa / kmscube · GitLab",
	url = "{https://gitlab.freedesktop.org/mesa/kmscube/}",
    addendum = "Dostopano: 13. 7. 2024",
    keywords = ""
}

@online{blendergui,
	author = "johnratius and LazyDodo and Developer Forum",
	title = "Blender GUI design and implementation -- Archive -- Developer Forum",
	url = "{https://devtalk.blender.org/t/blender-gui-design-and-implementation/13602}",
    addendum = "Dostopano: 13. 7. 2024",
    keywords = ""
}

@online{gtkgallery,
	author = "GTK",
	title = "Gtk – 4.0: Widget Gallery",
	url = "{https://docs.gtk.org/gtk4/visual_index.html}",
    addendum = "Dostopano: 13. 7. 2024",
    keywords = ""
}

@online{gtk,
	author = "GTK",
	title = "The GTK Project -- A free and open-source cross-platform widget toolkit",
	url = "{https://www.gtk.org/}",
    addendum = "Dostopano: 13. 7. 2024",
    keywords = ""
}

@online{gtkwiki,
	author = "{Wikipedia contributors}",
	title = "GTK --- {W}ikipedia{,} The Free Encyclopedia",
	url = "{https://en.wikipedia.org/wiki/GTK}",
    addendum = "Dostopano: 13. 7. 2024",
    keywords = ""
}

@online{howeglworks,
	author = "genpfault and Miroslav {\v C}i{\v z} and StackOverflow",
	title = "How can I use OpenGL to render to memory without requiring any windowing system library?",
	url = "{https://stackoverflow.com/questions/68298698/how-can-i-use-opengl-to-render-to-memory-without-requiring-any-windowing-system}",
    addendum = "Dostopano: 13. 7. 2024",
    keywords = ""
}

@online{egl,
	author = "Khronos Group",
	title = "EGL Overview -- The Khronos Group Inc",
	url = "{https://www.khronos.org/egl/}",
    addendum = "Dostopano: 13. 7. 2024",
    keywords = ""
}

@online{wikimesa,
	author = "{Wikipedia contributors}",
	title = "Mesa (computer graphics) --- {W}ikipedia{,} The Free Encyclopedia",
	url = "{https://en.wikipedia.org/wiki/Mesa_(computer_graphics)}",
    addendum = "Dostopano: 13. 7. 2024",
    keywords = ""
}

@online{dri,
	author = "{Wikipedia contributors}",
	title = "Direct Rendering Infrastructure --- {W}ikipedia{,} The Free Encyclopedia",
	url = "{https://en.wikipedia.org/wiki/Direct_Rendering_Infrastructure}",
    addendum = "Dostopano: 13. 7. 2024",
    keywords = ""
}

@online{renderer,
	author = "{Wikipedia contributors}",
	title = "Rendering (computer graphics) --- {W}ikipedia{,} The Free Encyclopedia",
	url = "{https://en.wikipedia.org/wiki/Rendering_(computer_graphics)}",
    addendum = "Dostopano: 18. 7. 2024",
    keywords = ""
}

@online{glfw,
	author = "Marcus Geelnard and Camilla Löwy",
	title = "An OpenGL library | GLFW",
	url = "{https://www.glfw.org/}",
    addendum = "Dostopano: 18. 7. 2024",
    keywords = ""
}

@online{glxwiki,
	author = "{Wikipedia contributors}",
	title = "GLX --- {W}ikipedia{,} The Free Encyclopedia",
	url = "{https://en.wikipedia.org/wiki/GLX}",
    addendum = "Dostopano: 18. 7. 2024",
    keywords = ""
}

@online{cairobackends,
	author = "{Cairo Graphics}",
	title = "Backends",
	url = "{https://www.cairographics.org/backends/}",
    addendum = "Dostopano: 18. 7. 2024",
    keywords = ""
}

@online{cairo,
	author = "{Cairo Graphics}",
	title = "cairographics.org",
	url = "{https://www.cairographics.org/}",
    addendum = "Dostopano: 18. 7. 2024",
    keywords = ""
}

@online{cairoimgsurfaces,
	author = "{Cairo Graphics}",
	title = "Image Surfaces: Cairo: A Vector Graphics Library",
	url = "{https://cairographics.org/manual/cairo-Image-Surfaces.html}",
    addendum = "Dostopano: 18. 7. 2024",
    keywords = ""
}

@online{nouveauinstall,
	author = "{freedesktop.org}",
	title = "InstallNouveau · freedesktop.org",
	url = "{https://nouveau.freedesktop.org/InstallNouveau.html}",
    addendum = "Dostopano: 18. 7. 2024",
    keywords = ""
}

@online{wikiwindowmanager,
	author = "{Wikipedia contributors}",
	title = "Window manager --- {W}ikipedia{,} The Free Encyclopedia",
	url = "{https://en.wikipedia.org/wiki/Window_manager}",
    addendum = "Dostopano: 18. 7. 2024",
    keywords = ""
}

@online{howxworks,
	author = "Chuan Ji",
	title = "How X Window Managers Work, And How To Write One (Part I)",
	url = "{https://jichu4n.com/posts/how-x-window-managers-work-and-how-to-write-one-part-i/}",
    addendum = "Dostopano: 18. 7. 2024",
    keywords = ""
}

@online{wikicompositingmanager,
	author = "{Wikipedia contributors}",
	title = "Compositing window manager --- {W}ikipedia{,} The Free Encyclopedia",
	url = "{https://en.wikipedia.org/wiki/Compositing_window_manager}",
    addendum = "Dostopano: 18. 7. 2024",
    keywords = ""
}

@online{wikixsystem,
	author = "{Wikipedia contributors}",
	title = "X Window System --- {W}ikipedia{,} The Free Encyclopedia",
	url = "{https://en.wikipedia.org/wiki/X_Window_System}",
    addendum = "Dostopano: 18. 7. 2024",
    keywords = ""
}

@online{wikixorg,
	author = "{Wikipedia contributors}",
	title = "X.Org Server --- {W}ikipedia{,} The Free Encyclopedia",
	url = "{https://en.wikipedia.org/wiki/X.Org_Server}",
    addendum = "Dostopano: 18. 7. 2024",
    keywords = ""
}

@online{glfwwiki,
	author = "{Wikipedia contributors}",
	title = "GLFW --- {W}ikipedia{,} The Free Encyclopedia",
	url = "{https://en.wikipedia.org/wiki/GLFW}",
    addendum = "Dostopano: 18. 7. 2024",
    keywords = ""
}

@online{wayland,
	author = "{freedesktop.org}",
	title = "Wayland",
	url = "{https://wayland.freedesktop.org/}",
    addendum = "Dostopano: 18. 7. 2024",
    keywords = ""
}

@online{wikiwindowingsystem,
    author = "{Wikipedia contributors}",
    title = "Windowing system --- {W}ikipedia{,} The Free Encyclopedia",
	url = "{https://en.wikipedia.org/wiki/Windowing_system}",
    addendum = "Dostopano: 18. 7. 2024",
    keywords = ""
}

@online{stackwindowingsystem,
	author = "Honinbo Shusaku and {StackExchange}",
	title = "What is a windowing system?",
	url = "{https://unix.stackexchange.com/questions/109195/what-is-a-windowing-system}",
    addendum = "Dostopano: 18. 7. 2024",
    keywords = ""
}

@online{wikiwidget,
    author = "{Wikipedia contributors}",
    title = "Graphical widget --- {W}ikipedia{,} The Free Encyclopedia",
	url = "{https://en.wikipedia.org/wiki/Graphical_widget}",
    addendum = "Dostopano: 18. 7. 2024",
    keywords = ""
}

% SLIKE

@online{fig:graphicsstack,
	author = "Shmuel Csaba Otto Traian",
	title = "The Linux Graphics Stack and glamor.svg",
	url = "{https://commons.wikimedia.org/wiki/File:The_Linux_Graphics_Stack_and_glamor.svg}",
    addendum = "Dostopano: 18. 7. 2024",
    keywords = "",
    note = "Licenca: CC BY-SA 4.0 (URL: \url{https://creativecommons.org/licenses/by-sa/4.0}) preko Wikimedijine zbirke"
}

@online{fig:drischeme,
	author = "Shmuel Csaba Otto Traian",
	title = "Linux graphics drivers DRI current.svg",
	url = "{https://commons.wikimedia.org/wiki/File:Linux_graphics_drivers_DRI_current.svg}",
    addendum = "Dostopano: 18. 7. 2024",
    keywords = "",
    note = "Licenca: CC BY-SA 3.0 (URL: \url{https://creativecommons.org/licenses/by-sa/3.0})0 preko Wikimedijine zbirke"
}

@online{fig:wayland,
	author = "Shmuel Csaba Otto Traian",
	title = "Wayland display server protocol.svg",
	url = "{https://commons.wikimedia.org/wiki/File:Wayland_display_server_protocol.svg}",
    addendum = "Dostopano: 18. 7. 2024",
    keywords = "",
    note = "Licenca: CC BY-SA 3.0 (URL: \url{https://creativecommons.org/licenses/by-sa/3.0})0 preko Wikimedijine zbirke"
}

@online{fig:sunbus,
	author = "Caroline Ford",
	title = "Sun sbus cgsix framebuffer2.jpg",
	url = "{https://commons.wikimedia.org/wiki/File:Sun_sbus_cgsix_framebuffer2.jpg}",
    addendum = "Dostopano: 18. 7. 2024",
    keywords = "",
    note = "Licenca: CC BY-SA 3.0 (URL: \url{https://creativecommons.org/licenses/by-sa/3.0})0 preko Wikimedijine zbirke"
}

@online{fig:genericgpu,
	author = "ScotXW",
	title = "Generic block diagram of a GPU.svg",
	url = "{https://commons.wikimedia.org/wiki/File:Generic_block_diagram_of_a_GPU.svg}",
    addendum = "Dostopano: 18. 7. 2024",
    keywords = "",
    note = "Licenca: CC0 preko Wikimedijine zbirke"
}

@online{fig:sapphireradeon,
	author = "{Evan-Amos}",
	title = "Sapphire-Radeon-HD-5570-Video-Card.jpg",
	url = "{https://commons.wikimedia.org/wiki/File:Sapphire-Radeon-HD-5570-Video-Card.jpg}",
    addendum = "Dostopano: 18. 7. 2024",
    keywords = "",
    note = "Licenca: v javni domeni preko Wikimedijine zbirke"
}

@online{fig:konflikti,
	author = "Javier Cantero",
	title = "Access to video card without DRM.svg",
	url = "{https://commons.wikimedia.org/wiki/File:Access_to_video_card_without_DRM.svg}",
    addendum = "Dostopano: 18. 7. 2024",
    keywords = "",
    note = "Licenca: CC BY-SA 4.0 (URL: \url{https://creativecommons.org/licenses/by-sa/4.0}) preko Wikimedijine zbirke"
}

@online{fig:nekonflikti,
	author = "Javier Cantero",
	title = "Access to video card with DRM.svg",
	url = "{https://commons.wikimedia.org/wiki/File:Access_to_video_card_with_DRM.svg}",
    addendum = "Dostopano: 18. 7. 2024",
    keywords = "",
    note = "Licenca: CC BY-SA 4.0 (URL: \url{https://creativecommons.org/licenses/by-sa/4.0})0 preko Wikimedijine zbirke"
}

@online{fig:drmscheme,
	author = "Javier Cantero",
	title = "High level Overview of DRM.svg",
	url = "{https://commons.wikimedia.org/wiki/File:High_level_Overview_of_DRM.svg}",
    addendum = "Dostopano: 18. 7. 2024",
    keywords = "",
    note = "Licenca: CC BY-SA 4.0 (URL: \url{https://creativecommons.org/licenses/by-sa/4.0})0 preko Wikimedijine zbirke"
}

@online{fig:waylandcomparison,
	author = "freedesktop.org",
	title = "Wayland",
	url = "{https://wayland.freedesktop.org/architecture.html}",
    addendum = "Dostopano: 18. 7. 2024",
    keywords = ""
}

@online{fig:windowsystem,
	author = "Shmuel Csaba Otto Traian",
	title = "Window (windowing system).svg",
	url = "{https://commons.wikimedia.org/wiki/File:Window_(windowing_system).svg}",
    addendum = "Dostopano: 18. 7. 2024",
    keywords = "",
    note = "Licenca: CC BY-SA 3.0 (URL: \url{https://creativecommons.org/licenses/by-sa/3.0}) preko Wikimedijine zbirke"
}

@online{fig:filechooser,
	author = "GTK Development Team",
	title = "Gtk -– 4.0 (URL: \url{https://creativecommons.org/licenses/by-sa/4.0})0: Widget Gallery",
	url = "{https://docs.gtk.org/gtk4/visual_index.html}",
    addendum = "Dostopano: 18. 7. 2024",
    keywords = ""
}

@online{fig:calendar,
	author = "The Qt Company",
	title = "Qt Widget Gallery | Qt Widgets 6.7.2",
	url = "{https://doc.qt.io/qt-6/gallery.html}",
    addendum = "Dostopano: 18. 7. 2024",
    keywords = ""
}
